@book{chat,
  title = {chatGTP}
}

@book{doc,
  title = {documentazione Java, oracle},
  note = {\url{https://docs.oracle.com/javase/8/docs/api/overview-summary.html}.}
}

@book{app,
  title = {Appunti slides Software Engineering for Embedded System},
  author = {Laura Carnevali}
}